<?xml version="1.0" encoding="UTF-8"?><collection xmlns="http://www.loc.gov/MARC21/slim"><record><leader>00571nam--2200193-i-4500</leader><controlfield tag="001">000032223</controlfield><controlfield tag="002">20161230</controlfield><controlfield tag="005">20161230201039</controlfield><controlfield tag="008">060222s1000------------r-----000-0-ger-d</controlfield><datafield ind1=" " ind2=" " tag="040"><subfield code="a">IFIN-HH</subfield></datafield><datafield ind1=" " ind2=" " tag="041"><subfield code="a">ger</subfield></datafield><datafield ind1=" " ind2=" " tag="080"><subfield code="a">538.975</subfield></datafield><datafield ind1="1" ind2=" " tag="100"><subfield code="a">Mayer, Herbert</subfield></datafield><datafield ind1="1" ind2="0" tag="245"><subfield code="a">Physik dunner schichten. teil i: herstellung dickemessung optische eigenschaften</subfield><subfield code="c">Herbert mayer</subfield></datafield><datafield ind1=" " ind2=" " tag="260"><subfield code="a">Stuttgart</subfield><subfield code="b">Wissenschaftliche Verlagsgesellschaft Mbh</subfield><subfield code="c">1955</subfield></datafield><datafield ind1=" " ind2=" " tag="300"><subfield code="a">XIV+326P</subfield></datafield><datafield ind1=" " ind2=" " tag="490"><subfield code="a">Physik Und Technik</subfield><subfield code="v">Band 4</subfield></datafield><datafield ind1=" " ind2=" " tag="852"><subfield code="a">10524</subfield><subfield code="c">539.23</subfield></datafield><datafield ind1=" " ind2=" " tag="CAT"><subfield code="a">Sys</subfield><subfield code="c">20121212</subfield><subfield code="h">145401</subfield></datafield></record></collection>